@book{fransoo2017reaching,
  title={Reaching 50 million nanostores: retail distribution in emerging megacities},
  author={Fransoo, Jan C and Blanco, Edgar E and Mejia-Argueta, C},
  year={2017},
  publisher={CreateSpace Independent Publishing Platform}
}